@article{low2014convex,
  title={Convex relaxation of optimal power flowâ€”Part I: Formulations and equivalence},
  author={Low, Steven H},
  journal={IEEE Transactions on Control of Network Systems},
  volume={1},
  number={1},
  pages={15--27},
  year={2014},
  publisher={IEEE}
}

